@article{paul_1953_notizen,
  author = {Paul, Wolfgang and Helmut, Steinwedel},
  month = {07},
  pages = {448-450},
  title = {Notizen: Ein neues Massenspektrometer ohne Magnetfeld},
  doi = {10.1515/zna-1953-0710},
  urldate = {2023-06-19},
  volume = {8},
  year = {1953},
  journal = {Zeitschrift für Naturforschung A}
}

@article{jones_1980_earnshaws,
  author = {Jones, W},
  month = {04},
  pages = {85-88},
  title = {Earnshaw's theorem and the stability of matter},
  doi = {10.1088/0143-0807/1/2/004},
  volume = {1},
  year = {1980},
  journal = {European Journal of Physics}
}

@article{brownnutt_2015_iontrap,
  author = {Brownnutt, Michael and Muir Kumph and Rabl, Peter and Blatt, Rainer},
  month = {12},
  pages = {1419-1482},
  title = {Ion-trap measurements of electric-field noise near surfaces},
  doi = {10.1103/revmodphys.87.1419},
  urldate = {2023-07-02},
  volume = {87},
  year = {2015},
  journal = {Rev. Mod. Phys.}
}

@article{divincenzo_2000_the,
  author = {DiVincenzo, David P},
  pages = {771-783},
  publisher = {John Wiley & Sons, Ltd},
  title = {The Physical Implementation of Quantum Computation},
  doi = {https://doi.org/10.1002/15213978(200009)48:9/11<771::AIDPROP771>3.0.CO;2E},
  url = {https://doi.org/10.1002/15213978(200009)48:9/11<771::AIDPROP771>3.0.CO;2E},
  urldate = {2023-07-02},
  volume = {48},
  year = {2000},
  journal = {Fortschr. Phys.}
}

@article{ladd_2010_quantum,
  author = {Ladd, T. D. and Jelezko, F. and Laflamme, R. and Nakamura, Y. and Monroe, C. and O’Brien, J. L.},
  month = {03},
  pages = {45-53},
  title = {Quantum computers},
  doi = {10.1038/nature08812},
  url = {https://www.nature.com/articles/nature08812.pdf},
  volume = {464},
  year = {2010},
  journal = {Nature}
}

@article{preskill_1998_reliable,
  author = {Preskill, John},
  month = {01},
  pages = {385-410},
  title = {Reliable quantum computers},
  doi = {10.1098/rspa.1998.0167},
  volume = {454},
  year = {1998},
  journal = {Proceedings of the Royal Society of London. Series A: Mathematical, Physical and Engineering Sciences}
}